@MastersThesis{santiago12,
author = {S.D.D., Benavides},
title = {Raciocinio de agentes musicais composição algorítmica vida artificial e interatividade em sistemas multiagentes musicais},
school = {USP},
year = {2012},
}

@phdthesis{leandro11,
  title={Um arcabou{\c{c}}o para constru{\c{c}}ao de sistemas multiagente musicais},
  author={Thomaz, L.F.},
  year={2011},
  school={Universidade de S{\~a}o Paulo}
}

@article{wooldridgeART,
  title={Agent-oriented software engineering: the state of the art},
  author={Wooldridge, M. and Ciancarini, P.},
  journal={Lecture notes in computer science},
  pages={1--28},
  year={2001},
  publisher={Springer-Verlag; 1999}
}

@article{jennings99,
  title={On agent-based software engineering},
  author={Jennings, N.R.},
  journal={Artificial intelligence},
  volume={117},
  number={2},
  pages={277--296},
  year={2000},
  publisher={Elsevier}
}

@article{queiroz09,
  title={A framework for musical multiagent systems},
  author={Thomaz, L.F. and Queiroz, M.},
  journal={Proceedings of the SMC},
  pages={119--124},
  year={2009}
}

@inproceedings{whalley05,
  title={Software Agents and Creating Music/Sound Art: Frames, Directions, and Where to From Here},
  author={Whalley, I.},
  booktitle={Proceedings of International Computer Music Conference},
  pages={691--5},
  year={2005}
}

@inproceedings{miranda03,
  title={A-life and musical composition: A brief survey},
  author={Miranda, E.R. and Todd, P.M.},
  booktitle={Proceedings of the IX Brazilian Symposium on Computer Music, Campinas,(Brazil)},
  year={2003},
  organization={Citeseer}
}

@article{puckette97,
title={Pure Data: another integrated computer music environment},
author={Puckette, M. and others},
journal={Proceedings of the Second Intercollege Computer Music Concerts},
pages={37--41},
year={1996},
publisher={Citeseer}
}

@Book{kreidler12,
author = {J., Kreidler},
title = {Programming Electronic Music in Pd},
publisher = {Wolke Publishing House},
year = {2012},
}

@Misc{libpd1,
title = {Wiki libpd},
howpublished = {https://github.com/libpd/libpd/wiki},
note = {Acessado em 03/12/2012},
}

@inproceedings{wright97,
  title={Open sound control: A new protocol for communicating with sound synthesizers},
  author={Wright, M. and Freed, A.},
  booktitle={Proceedings of the 1997 International Computer Music Conference},
  pages={101--104},
  year={1997},
  organization={International Computer Music Association San Francisco}
}

@InBook{PureData,
author = {P., Davison and others},
title = {Pure Data},
chapter = {57},
publisher = {Floss Manuals},
year = {2009}
}

@article{ramalho99,
  title={An artificially intelligent jazz performer},
  author={Ramalho, G.L. and Rolland, P.Y. and Ganascia, J.G.},
  journal={Journal of New Music Research},
  volume={28},
  number={2},
  pages={105--129},
  year={1999},
  publisher={Taylor \& Francis}
}

@article{costalonga08,
  title={Agent-based guitar performance simulation},
  author={Costalonga, L.L. and Vicari, R.M. and Miletto, E.M.},
  journal={Journal of the Brazilian Computer Society},
  volume={14},
  number={3},
  pages={19--29},
  year={2008},
  publisher={SciELO Brasil}
}

@article{johnson88,
  title={Designing reusable classes},
  author={Johnson, R.E. and Foote, B.},
  journal={Journal of object-oriented programming},
  volume={1},
  number={2},
  pages={22--35},
  year={1988}
}

@inproceedings{belli99,
  title={JADE--A FIPA-compliant agent framework},
  author={Bellifemine, F. and Poggi, A. and Rimassa, G.},
  booktitle={Proceedings of PAAM},
  volume={99},
  pages={33},
  year={1999},
  organization={London}
}

@article{miranda2003music,
  title={On the music of emergent behavior: what can evolutionary computation bring to the musician?},
  author={Miranda, Eduardo Reck},
  journal={Leonardo},
  volume={36},
  number={1},
  pages={55--59},
  year={2003},
  publisher={MIT Press}
}
@inproceedings{johansen1995operating,
  title={Operating system support for mobile agents},
  author={Johansen, Dag and Van Renesse, Robbert and Schneider, Fred B},
  booktitle={Hot Topics in Operating Systems, 1995.(HotOS-V), Proceedings., Fifth Workshop on},
  pages={42--45},
  year={1995},
  organization={IEEE}
}
@article{d01living,
  title={Living melodies: Coevolution of sonic communication},
  author={Dahlstedt, Palle and Nordahl, Mats G},
  journal={Leonardo},
  volume={34},
  number={3},
  pages={243--248},
  year={2001},
  publisher={MIT Press}
}
@article{ueda2003andante,
  title={Andante-Composição e Performance Musical Utilizando Agentes Móveis},
  author={Ueda, Leo Kazuhiro and Kon, Fabio},
  year={2003}
}
@Misc{aubio01,
title = {Aubio: About},
howpublished = {http://aubio.org/},
note = {Acessado em 15/05/2013},
}
@Misc{libx01,
title = {LibXtract: About},
howpublished = {http://libxtract.sourceforge.net/},
note = {Acessado em 15/05/2013},
}
@Misc{jack01,
title = {JACK},
howpublished = {http://jackaudio.org/},
note = {Acessado em 15/05/2013},
}
@Misc{port01,
title = {PortAudio},
howpublished = {http://www.portaudio.com/},
note = {Acessado em 15/05/2013},
}
@Misc{jsnd01,
title = {Java Sound},
howpublished = {http://www.oracle.com/technetwork/java/index-jsp-140234.html},
note = {Acessado em 15/05/2013},
}
@Misc{JNI,
title = {Java Native Interface},
howpublished = {http://docs.oracle.com/javase/6/docs/technotes/guides/jni/},
note = {Acessado em 15/05/2013},
}
@Misc{ensembledoc,
title = {Ensemble: Documentação},
howpublished = {http://compmus.ime.usp.br/ensemble/doc/},
note = {Acessado em 18/06/2013},
}
@Misc{ensemblecode,
title = {Ensemble: Código Fonte},
howpublished = {https://code.google.com/p/musicalagents/source/browse/},
note = {Acessado em 18/06/2013},
}
@Misc{ensemble_git,
title = {Ensemble: Repositório Git},
howpublished = {https://github.com/phrb/ensemble},
note = {Acessado em 04/12/2013},
}
@Misc{ensemblegrouppage,
title = {Ensemble},
howpublished = {http://compmus.ime.usp.br/ensemble},
note = {Acessado em 18/06/2013},
}
